<zs:searchRetrieveResponse>
    <zs:version>1.1</zs:version>
    <zs:numberOfRecords>1</zs:numberOfRecords>
    <zs:records>
        <zs:record>
            <zs:recordSchema>info:srw/schema/1/marcxml-v1.1</zs:recordSchema>
            <zs:recordPacking>xml</zs:recordPacking>
            <zs:recordData>
                <record>
                    <leader>00864naa a2200253 c 4500</leader>
                    <controlfield tag="001">BV048976418</controlfield>
                    <controlfield tag="003">DE-604</controlfield>
                    <controlfield tag="005">00000000000000.0</controlfield>
                    <controlfield tag="007">t</controlfield>
                    <controlfield tag="008">230526s1992 |||| 00||| eng d</controlfield>
                    <datafield tag="040" ind1=" " ind2=" ">
                        <subfield code="a">DE-604</subfield>
                        <subfield code="b">ger</subfield>
                        <subfield code="e">rda</subfield>
                    </datafield>
                    <datafield tag="100" ind1="1" ind2=" ">
                        <subfield code="a">Bello, Emmanuel G.</subfield>
                        <subfield code="d">1939-</subfield>
                        <subfield code="e">Verfasser</subfield>
                        <subfield code="0">(DE-588)136157114</subfield>
                        <subfield code="4">aut</subfield>
                    </datafield>
                    <datafield tag="245" ind1="1" ind2="0">
                        <subfield code="a">Article 22 of the African Charter on Human and Peoples' Rights</subfield>
                        <subfield code="c">Emmanuel G. Bello</subfield>
                    </datafield>
                    <datafield tag="264" ind1=" " ind2="1">
                        <subfield code="c">1992</subfield>
                    </datafield>
                    <datafield tag="035" ind1=" " ind2=" ">
                        <subfield code="a">(OCoLC)1381297713</subfield>
                    </datafield>
                    <datafield tag="035" ind1=" " ind2=" ">
                        <subfield code="a">(DE-599)BVBBV048976418</subfield>
                    </datafield>
                    <datafield tag="041" ind1="0" ind2=" ">
                        <subfield code="a">eng</subfield>
                    </datafield>
                    <datafield tag="049" ind1=" " ind2=" ">
                        <subfield code="a">DE-521</subfield>
                    </datafield>
                    <datafield tag="336" ind1=" " ind2=" ">
                        <subfield code="b">txt</subfield>
                        <subfield code="2">rdacontent</subfield>
                    </datafield>
                    <datafield tag="337" ind1=" " ind2=" ">
                        <subfield code="b">n</subfield>
                        <subfield code="2">rdamedia</subfield>
                    </datafield>
                    <datafield tag="338" ind1=" " ind2=" ">
                        <subfield code="b">nc</subfield>
                        <subfield code="2">rdacarrier</subfield>
                    </datafield>
                    <datafield tag="773" ind1="1" ind2="8">
                        <subfield code="g">pages:447-473</subfield>
                    </datafield>
                    <datafield tag="773" ind1="0" ind2="8">
                        <subfield code="t">Essays in honour of Judge Taslim Olawale Elias; 1. Contemporary international law and human rights / edited by Emmanuel G. Bello ...</subfield>
                        <subfield code="d">Dordrecht [u.a.], 1992</subfield>
                        <subfield code="g">Seite 447-473</subfield>
                        <subfield code="w">(DE-604)BV013223576</subfield>
                    </datafield>
                    <datafield tag="941" ind1=" " ind2=" ">
                        <subfield code="s">447-473</subfield>
                    </datafield>
                </record>
            </zs:recordData>
            <zs:recordPosition>1</zs:recordPosition>
        </zs:record>
    </zs:records>
</zs:searchRetrieveResponse
